@article{Aaboud:2016ffv,
      author         = "Aaboud, Morad and others",
      title          = "{Measurement of $W^{\pm}W^{\pm}$ vector-boson scattering 
                        and limits on anomalous quartic gauge couplings with the 
                        ATLAS detector}",
      collaboration  = "ATLAS",
      journal        = "Phys. Rev.",
      volume         = "D96",
      year           = "2017",
      pages          = "012007",
      doi            = "10.1103/PhysRevD.96.012007",
      eprint         = "1611.02428",
      archivePrefix  = "arXiv",
      primaryClass   = "hep-ex",
      reportNumber   = "CERN-EP-2016-167",
      SLACcitation   = "%%CITATION = ARXIV:1611.02428;%%"
}

@inproceedings{Badger:2016bpw,
      author         = "Andersen, J. R. and others",
      title          = "{Les Houches 2015: Physics at TeV Colliders Standard
                        Model Working Group Report}",
      booktitle      = "{9th Les Houches Workshop on Physics at TeV Colliders
                        (PhysTeV 2015) Les Houches, France, June 1-19, 2015}",
      url            = "http://lss.fnal.gov/archive/2016/conf/fermilab-conf-16-175-ppd-t.pdf",
      year           = "2016",
      eprint         = "1605.04692",
      archivePrefix  = "arXiv",
      primaryClass   = "hep-ph",
      reportNumber   = "FERMILAB-CONF-16-175-PPD-T",
      SLACcitation   = "%%CITATION = ARXIV:1605.04692;%%"
}

@article{Belanger:2014vza,
      author         = "B\'elanger, G. and Boudjema, F. and Pukhov, A. and
                        Semenov, A.",
      title          = "{micrOMEGAs4.1: two dark matter candidates}",
      journal        = "Comput. Phys. Commun.",
      volume         = "192",
      year           = "2015",
      pages          = "322-329",
      doi            = "10.1016/j.cpc.2015.03.003",
      eprint         = "1407.6129",
      archivePrefix  = "arXiv",
      primaryClass   = "hep-ph",
      SLACcitation   = "%%CITATION = ARXIV:1407.6129;%%"
}


%Introduction
@article{'tHooft:1972fi,
      author         = "'t Hooft, Gerard and Veltman, M. J. G.",
      title          = "{Regularization and Renormalization of Gauge Fields}",
      journal        = "Nucl. Phys.",
      volume         = "B44",
      year           = "1972",
      pages          = "189-213",
      doi            = "10.1016/0550-3213(72)90279-9",
      SLACcitation   = "%%CITATION = NUPHA,B44,189;%%"
}




@article{Degrande:2012wf,
      author         = "Degrande, Celine and Greiner, Nicolas and Kilian,
                        Wolfgang and Mattelaer, Olivier and Mebane, Harrison and
                        Stelzer, Tim and Willenbrock, Scott and Zhang, Cen",
      title          = "{Effective Field Theory: A Modern Approach to Anomalous
                        Couplings}",
      journal        = "Annals Phys.",
      volume         = "335",
      year           = "2013",
      pages          = "21-32",
      doi            = "10.1016/j.aop.2013.04.016",
      eprint         = "1205.4231",
      archivePrefix  = "arXiv",
      primaryClass   = "hep-ph",
      reportNumber   = "MPP-2011-149, SI-HEP-2011-17, CP3-12-25",
      SLACcitation   = "%%CITATION = ARXIV:1205.4231;%%"
}

@article{Kobach:2016ami,
      author         = "Kobach, Andrew",
      title          = "{Baryon Number, Lepton Number, and Operator Dimension in
                        the Standard Model}",
      journal        = "Phys. Lett.",
      volume         = "B758",
      year           = "2016",
      pages          = "455-457",
      doi            = "10.1016/j.physletb.2016.05.050",
      eprint         = "1604.05726",
      archivePrefix  = "arXiv",
      primaryClass   = "hep-ph",
      reportNumber   = "PHYS.LETT.-B758-(2016)-455-457",
      SLACcitation   = "%%CITATION = ARXIV:1604.05726;%%"
}
%Warsaw basis
@article{Grzadkowski:2010es,
      author         = "Grzadkowski, B. and Iskrzynski, M. and Misiak, M. and
                        Rosiek, J.",
      title          = "{Dimension-Six Terms in the Standard Model Lagrangian}",
      journal        = "JHEP",
      volume         = "10",
      year           = "2010",
      pages          = "085",
      doi            = "10.1007/JHEP10(2010)085",
      eprint         = "1008.4884",
      archivePrefix  = "arXiv",
      primaryClass   = "hep-ph",
      reportNumber   = "IFT-9-2010, TTP10-35",
      SLACcitation   = "%%CITATION = ARXIV:1008.4884;%%"
}
%SILH
@article{Contino:2013kra,
      author         = "Contino, Roberto and Ghezzi, Margherita and Grojean,
                        Christophe and Muhlleitner, Margarete and Spira, Michael",
      title          = "{Effective Lagrangian for a light Higgs-like scalar}",
      journal        = "JHEP",
      volume         = "07",
      year           = "2013",
      pages          = "035",
      doi            = "10.1007/JHEP07(2013)035",
      eprint         = "1303.3876",
      archivePrefix  = "arXiv",
      primaryClass   = "hep-ph",
      reportNumber   = "CERN-PH-TH-2013-047, KA-TP-06-2013, PSI-PR-13-04",
      SLACcitation   = "%%CITATION = ARXIV:1303.3876;%%"
}

@article{Gupta:2014rxa,
      author         = "Gupta, Rick S. and Pomarol, Alex and Riva, Francesco",
      title          = "{BSM Primary Effects}",
      journal        = "Phys. Rev.",
      volume         = "D91",
      year           = "2015",
      number         = "3",
      pages          = "035001",
      doi            = "10.1103/PhysRevD.91.035001",
      eprint         = "1405.0181",
      archivePrefix  = "arXiv",
      primaryClass   = "hep-ph",
      SLACcitation   = "%%CITATION = ARXIV:1405.0181;%%"
}
@article{Masso:2014xra,
      author         = "Masso, Eduard",
      title          = "{An Effective Guide to Beyond the Standard Model
                        Physics}",
      journal        = "JHEP",
      volume         = "10",
      year           = "2014",
      pages          = "128",
      doi            = "10.1007/JHEP10(2014)128",
      eprint         = "1406.6376",
      archivePrefix  = "arXiv",
      primaryClass   = "hep-ph",
      SLACcitation   = "%%CITATION = ARXIV:1406.6376;%%"
}

%%% contains utf-8, see: https://inspirehep.net/info/faq/general#utf8
%%% add \usepackage[utf8]{inputenc} to your latex preamble

@article{Falkowski:2015wza,
      author         = "Falkowski, Adam and Fuks, Benjamin and Mawatari, Kentarou
                        and Mimasu, Ken and Riva, Francesco and Sanz, Verónica",
      title          = "{Rosetta: an operator basis translator for Standard Model
                        effective field theory}",
      journal        = "Eur. Phys. J.",
      volume         = "C75",
      year           = "2015",
      number         = "12",
      pages          = "583",
      doi            = "10.1140/epjc/s10052-015-3806-x",
      eprint         = "1508.05895",
      archivePrefix  = "arXiv",
      primaryClass   = "hep-ph",
      reportNumber   = "MCNET-15-25",
      SLACcitation   = "%%CITATION = ARXIV:1508.05895;%%"
}


@article{Aebischer:2017ugx,
      author         = "Aebischer, Jason and others",
      title          = "{WCxf: an exchange format for Wilson coefficients beyond
                        the Standard Model}",
      journal        = "Comput. Phys. Commun.",
      volume         = "232",
      year           = "2018",
      pages          = "71-83",
      doi            = "10.1016/j.cpc.2018.05.022",
      eprint         = "1712.05298",
      archivePrefix  = "arXiv",
      primaryClass   = "hep-ph",
      reportNumber   = "IFIC-17-61, TUM-HEP-1117-17, LMU-ASC-74-17, IFIC/17-61,
                        KA-TP-38-2017, TUM-HEP-1117/17, LMU-ASC 74/17",
      SLACcitation   = "%%CITATION = ARXIV:1712.05298;%%"
}



@article{ATLAS:2019jst,
      author         = "The ATLAS collaboration",
      title          = "{Measurements and interpretations of Higgs-boson fiducial
                        cross sections in the diphoton decay channel using 139
%                        fb$^{−1}$ of $pp$ collision data at $\sqrt{s}$ = 13 TeV
                        with the ATLAS detector}",
      collaboration  = "ATLAS",
      year           = "2019",
      reportNumber   = "ATLAS-CONF-2019-029",
      SLACcitation   = "%%CITATION = ATLAS-CONF-2019-029;%%"
}

@techreport{ATL-PHYS-PUB-2019-042,
      author         = "The ATLAS collaboration",
      title         = "{Methodology for EFT interpretation of Higgs boson
                       Simplified Template Cross-section results in ATLAS}",
      institution   = "CERN",
      collaboration = "ATLAS Collaboration",
      address       = "Geneva",
      number        = "ATL-PHYS-PUB-2019-042",
      month         = "Oct",
      year          = "2019",
      reportNumber  = "ATL-PHYS-PUB-2019-042",
      url           = "https://cds.cern.ch/record/2694284",
}

@inproceedings{Brivio:2019irc,
      author         = "Brivio, Ilaria and others",
      editor         = "Aebischer, Jason and Fael, Matteo and Lenz, Alexander and
                        Spannowsky, Michael and Virto, Javier",
      title          = "{Computing Tools for the SMEFT}",
      booktitle      = "{Computing Tools for the SMEFT}",
      year           = "2019",
      eprint         = "1910.11003",
      archivePrefix  = "arXiv",
      primaryClass   = "hep-ph",
      SLACcitation   = "%%CITATION = ARXIV:1910.11003;%%"
}

@article{Degrande:2011ua,
      author         = "Degrande, Celine and Duhr, Claude and Fuks, Benjamin and
                        Grellscheid, David and Mattelaer, Olivier and Reiter,
                        Thomas",
      title          = "{UFO - The Universal FeynRules Output}",
      journal        = "Comput. Phys. Commun.",
      volume         = "183",
      year           = "2012",
      pages          = "1201-1214",
      doi            = "10.1016/j.cpc.2012.01.022",
      eprint         = "1108.2040",
      archivePrefix  = "arXiv",
      primaryClass   = "hep-ph",
      reportNumber   = "CP3-11-25, IPHC-PHENO-11-04, IPPP-11-39, DCPT-11-78,
                        MPP-2011-68",
      SLACcitation   = "%%CITATION = ARXIV:1108.2040;%%"
}

@article{Brivio:2017btx,
      author         = "Brivio, Ilaria and Jiang, Yun and Trott, Michael",
      title          = "{The SMEFTsim package, theory and tools}",
      journal        = "JHEP",
      volume         = "12",
      year           = "2017",
      pages          = "070",
      doi            = "10.1007/JHEP12(2017)070",
      eprint         = "1709.06492",
      archivePrefix  = "arXiv",
      primaryClass   = "hep-ph",
      SLACcitation   = "%%CITATION = ARXIV:1709.06492;%%"
}

@article{Ellis:2018gqa,
      author         = "Ellis, John and Murphy, Christopher W. and Sanz,
                        Verónica and You, Tevong",
      title          = "{Updated Global SMEFT Fit to Higgs, Diboson and
                        Electroweak Data}",
      journal        = "JHEP",
      volume         = "06",
      year           = "2018",
      pages          = "146",
      doi            = "10.1007/JHEP06(2018)146",
      eprint         = "1803.03252",
      archivePrefix  = "arXiv",
      primaryClass   = "hep-ph",
      reportNumber   = "Cavendish-HEP-2018-06, DAMTP-2018-12, KCL-PH-TH/2018-12,
                        CERN-PH-TH/2018-042, CERN-TH-2018-042",
      SLACcitation   = "%%CITATION = ARXIV:1803.03252;%%"
}

@misc{SMEFTNLO,
  title = {SMEFTatNLO},
  howpublished = {\url{http://feynrules.irmp.ucl.ac.be/wiki/SMEFTatNLO}},

}

@article{Durieux:2019lnv,
      author         = "Maltoni, Fabio and others",
      editor         = "Durieux, Gauthier and Brivio, Ilaria",
      title          = "{Proposal for the validation of Monte Carlo
                        implementations of the standard model effective field
                        theory}",
      year           = "2019",
      eprint         = "1906.12310",
      archivePrefix  = "arXiv",
      primaryClass   = "hep-ph",
      reportNumber   = "CERN-LPCC-2019-02",
      SLACcitation   = "%%CITATION = ARXIV:1906.12310;%%"
}